% -*-BibTeX-*-

%********************************************************************************
% Common strings
%********************************************************************************

% Journals

@string{tse = "IEEE Transactions on Software Engineering"}
@string{ton = "IEEE/ACM Transactions on Networking"}
@string{tc = "IEEE Transactions on Computers"}
@string{tpds = "IEEE Transaction on Parallel and Distributed Systems"}
@string{tocs = "ACM Transactions on Computer Systems"}
@string{toplas = "ACM Transactions on Programming Languages and
Systems"}
@string{jsac = "IEEE Journal on Selected Areas in Communication"}
@string{sigcomm-ccr = "ACM SIGCOMM Computer Communication Review"}

% Conferences
@string{sosp-l = "Proc. of the ACM Symposium on Operating System Principles"}
@string{sosp = "Proc. of the ACM SOSP"}

@string{hotos-l = "Proc. of the Workshop on Hot Topics in Operating Systems"}
@string{hotos = "Proc. of HotOS"}

@string{imw-l = "Proc. ACM Internet Measurement Workshop (IMW)"}
@string{imw = "Proc. ACM IMW"}

@string{imc-l = "Proc. of the Internet Measurement Conference (IMC)"}
@string{imc = "Proc. of IMC"}

@string{wcw-l = "Proc. of the Workshop on {W}eb Content Caching and Distribution (WCW)"}
@string{wcw = "Proc. of WCW"}

@string{osdi-l = "Proc. of the USENIX Operating Systems Design and Implementation (OSDI)"}
@string{osdi = "Proc. of USENIX OSDI"}

@string{infocom = "Proc. of IEEE INFOCOM"}

@string{usenix-atc-l = "Proc. of the USENIX Annual Technical Conference"}
@string{usenix-atc = "Proc. of USENIX ATC"}

@string{icnp-l = "Proc. of the IEEE International Conference on Network Protocols (ICNP)"}
@string{icnp = "Proc. of the IEEE ICNP"}

@string{sigcomm-l = "Proc. of the Conference on Applications, Technologies, Architectures, and Protocols for Computer Communication (SIGCOMM)"}
@string{sigcomm = "Proc. of ACM SIGCOMM"}

@string{hotnets-l = "Proc. of the Workshop on Hot Topics in Networks (HotNets)"}
@string{hotnets = "Proc. of HotNets"}

@string{mascots-l = "Proc. of the IEEE/ACM International Symposium on Modeling, Analysis, and Simulation of Computer and Telecommunication Systems (MASCOTS)"}

@string{mascots = "Proc. of IEEE/ACM MASCOTS"}

@string{sc ="Proc. of ACM/IEEE conference on Supercomputing"}
	
@string{Rusits-l = "Proc. of USENIX Symposium on Internet Technologies and Systems"}
@string{usits = "Proc. of USENIX USITS"}

@string{hpdc="Proc. of the IEEE Internatinal Symposium on High Performance Distributed Computing"}

@string{nsdi-l = "Proc. of the USENIX Symposium on Networked System Design and Implementation (NSDI)"}
@string{nsdi = "Proc. of USENIX NSDI"}

@string{iptps-l = "Proc. of the International Workshop on Peer-to-Peer Systems (IPTPS)"}
@string{iptps = "Proc. of IPTPS"}

@string{pam-l = "Proc. of Passive and Active Measurement Workshop (PAM)"}

@string{pam = "Proc. PAM"}

@string{podc = "Proc. of the Symposium on Principles of Distributed Computing (PODC)"}
@string{icdcs-l = "Proc. of the Int'l Conference on Distributed Computing Systems (ICDCS)"}
@string{worlds-l = "Proc. of the Workshop on Real, Large Distributed Systems (WORLDS)"}
@string{worlds = "Proc. of WORLDS"}
@string{icdcs = "Proc. of the ICDCS"}
@string{eurosys = "Proc. of Eurosys"}
@string{conext = "Proc. of ACM CoNEXT"}
@string{mobisys = "Proc. of MobiSys"}
@string{www = "Proc. of WWW"}
@string{ccs = "Proc. of CCS"}


%********************************************************************************
% Actual bib entries
%********************************************************************************

@misc{att-data-growth,
	Date-Added = {2012-03-20 22:21:12 -0700},
	Date-Modified = {2012-03-20 22:21:12 -0700},
	Key = {att-data},
	Note = {\url{www.att.com/esupport/datausage.jsp}},
	Title = {Data Usage Information and {FAQ}s}
	}

@misc{virgin-issues,
	Date-Added = {2012-03-20 22:21:12 -0700},
	Date-Modified = {2012-03-20 22:21:12 -0700},
	Key = {virgin mobile},
	Note = {\url{www.dslreports.com/shownews/Virgin-Mobiles-New-40-Prepaid-Data-Plan-Has-Huge-Issues-110190}},
	Title = {Virgin Mobile's New \$40 Prepaid Data Plan Has Huge Issues}
	}

@misc{verizon-lte-outage,
	Date-Added = {2012-03-20 22:21:12 -0700},
	Date-Modified = {2012-03-20 22:21:12 -0700},
	Key = {verizon wireless},
	Note = {\url{www.gottabemobile.com/2011/12/21/verizon-wireless-4g-lte-data-outage-now-nationwide/}},
	Title = {Verizon Wireless 4G LTE Data Outage Now Nationwide}
	}

@misc{wsj:apps-watching-you,
	Author = {S. Thurm and Y. I. Kane},
	Note = {\url{online.wsj.com/article/
SB10001424052 748704694004576020083703574602.
html}},
	Title = {Your apps are watching
you. Accessed July 19, 2012}
	}
	
	@Unpublished{akamai:cdn,
  author =	 {Akamai},
  title =	 {Akamai {CDN}},
  note =	 {\url{www.akamai.com}},
  OPTkey =	 {},
  OPTmonth =	 {},
  OPTyear =	 {},
  OPTannote =	 {}
}
	
@inproceedings{pathak:eprof,
	Author = {Abhinav Pathak and Y. Charlie Hu and Ming Zhang},
	Booktitle = eurosys,
	Title = {Where is the energy spent inside my app? Fine Grained Energy Accounting on Smartphones with Eprof},
	Year = 2012}
	
@misc{gartner-phone-share,
	Key = {Gartner},
	Note = {\url{www.gartner.com/it/page.jsp?id=2017015}},
	Title = {Gartner Smart Phone Marketshare 2012 {Q1}}
	}
		
@misc{google-spdy,
	Key = {SPDY},
	Note = {\url{www.chromium.org/spdy/spdy-whitepaper}},
	Title = {{SPDY}: An experimental protocol for a faster web}
	}

@misc{silk,
	Key = {Silk},
	Note = {\url{www.amazon.com/gp/help/customer/display.html?nodeId=200775440}},
	Title = {Amazon Silk Browser}
	}
@misc{opera-mini,
	Key = {OperaMini},
	Note = {\url{www.opera.com/mobile/features/}},
	Title = {Opera Mini Browser.}
	}

@misc{pcworld-speedtests,
	Key = {3G},
	Note = {\url{www.pcworld.com/article/254888/3g4g_performance_map_data_speeds_for_atandt_sprint_tmobile_and_verizon.html}},
	Title = {{3G/4G} Performance Map: Data Speeds for {AT\&T}, {Sprint}, {T-Mobile}, and {Verizon}}
	}
	
@misc{speedtest,
	Key = {Speedtest.net},
	Note = {\url{www.speedtest.net/mobile.php/}},
	Title = {Speedtest.net Mobile}
	}

@misc{collusion,
        Key = {Mozilla Collusion},
	Note = {\url{www.mozilla.org/en-US/collusion/}},
	Title = {Mozilla Collusion}
     }
@misc{strongswan,
	Key = {Strongswan},
	Note = {\url{www.strongswan.org}},
	Title = {Strongswan}
	}


@inproceedings{xu:acculoc,
 author = {Qiang Xu and Alexandre Gerber and Zhuoqing Morley Mao and Jeffrey Pang},
 title = {AccuLoc: practical localization of performance measurements in 3G networks},
 booktitle = mobisys,
 OPTOPTseries = {MobiSys '11},
 year = {2011},
 OPTisbn = {978-1-4503-0643-0},
 OPTOPTlocation = {Bethesda, Maryland, USA},
 OPTOPTpages = {183--196},
 OPTnumOPTpages = {14},
 OPTurl = {http://doi.acm.org/10.1145/1999995.2000013},
 OPTdoi = {10.1145/1999995.2000013},
 OPTacmid = {2000013},
 OPTOPTpublisher = {ACM},
 OPTOPTaddress = {New York, NY, USA},
 OPTkeywords = {cellular network architecture, localization, performance anomaly detection},
} 

@inproceedings{nakao:underlay,
 author = {Akihiro Nakao and Larry Peterson and Andy Bavier},
 title = {A routing underlay for overlay networks},
 booktitle = sigcomm,
 OPTOPTseries = {SIGCOMM '03},
 year = {2003},
 OPTisbn = {1-58113-735-4},
 OPTOPTlocation = {Karlsruhe, Germany},
 OPTOPTpages = {11--18},
 OPTnumOPTpages = {8},
 OPTurl = {http://doi.acm.org/10.1145/863955.863958},
 OPTdoi = {10.1145/863955.863958},
 OPTacmid = {863958},
 OPTOPTpublisher = {ACM},
 OPTOPTaddress = {New York, NY, USA},
 OPTkeywords = {infrastructure, overlay networks, routing},
} 

@inproceedings{wang:middleboxes,
 author = {Zhaoguang Wang and Zhiyun Qian and Qiang Xu and Zhuoqing Mao and Ming Zhang},
 title = {An untold story of middleboxes in cellular networks},
 booktitle = sigcomm,
 OPTseries = {SIGCOMM '11},
 year = {2011},
 OPTisbn = {978-1-4503-0797-0},
 OPTOPTlocation = {Toronto, Ontario, Canada},
 OPTOPTpages = {374--385},
 OPTnumOPTpages = {12},
 OPTurl = {http://doi.acm.org/10.1145/2018436.2018479},
 OPTdoi = {10.1145/2018436.2018479},
 OPTacmid = {2018479},
 OPTOPTpublisher = {ACM},
 OPTOPTaddress = {New York, NY, USA},
 OPTkeywords = {cellular data network, firewall, middlebox, nat, tcp performance},
} 

@inproceedings{qian:rrc,
 author = {Feng Qian and Zhaoguang Wang and Alex Gerber and Z Morley Mao and Shubo Sen and Oliver Spatscheck},
 title = {Characterizing radio resource alOPTlocation for {3G} networks},
 booktitle = imc,
 OPTseries = {IMC '10},
 year = {2010},
 OPTisbn = {978-1-4503-0483-2},
 OPTOPTlocation = {Melbourne, Australia},
 OPTOPTpages = {137--150},
 OPTnumOPTpages = {14},
 OPTurl = {http://doi.acm.org/10.1145/1879141.1879159},
 OPTdoi = {10.1145/1879141.1879159},
 OPTacmid = {1879159},
 OPTOPTpublisher = {ACM},
 OPTOPTaddress = {New York, NY, USA},
 OPTkeywords = {3G networks, RRC state machine, UMTS, inactivity timers, multimedia streaming, smartphones, tail effects},
} 

@inproceedings{qian:aro,
 author = {Qian, Feng and Wang, Zhaoguang and Gerber, Alexandre and Mao, Zhuoqing and Sen, Subhabrata and Spatscheck, Oliver},
 title = {Profiling resource usage for mobile applications: a cross-layer approach},
 booktitle = mobisys,
 OPTseries = {MobiSys '11},
 year = {2011},
 isbn = {978-1-4503-0643-0},
 OPTlocation = {Bethesda, Maryland, USA},
 OPTpages = {321--334},
 numOPTpages = {14},
 url = {http://doi.acm.org/10.1145/1999995.2000026},
 doi = {10.1145/1999995.2000026},
 acmid = {2000026},
 OPTpublisher = {ACM},
 OPTaddress = {New York, NY, USA},
 keywords = {3G networks, UMTS, crosslayer analysis, radio resource optimization, rrc state machine, smartphone applications},
} 

@inproceedings{qian:periodic,
 author = {Qian, Feng and Wang, Zhaoguang and Gao, Yudong and Huang, Junxian and Gerber, Alexandre and Mao, Zhuoqing and Sen, Subhabrata and Spatscheck, Oliver},
 title = {Periodic transfers in mobile applications: network-wide origin, impact, and optimization},
 booktitle = www,
 OPTseries = {WWW '12},
 year = {2012},
 isbn = {978-1-4503-1229-5},
 OPTlocation = {Lyon, France},
 OPTpages = {51--60},
 numOPTpages = {10},
 url = {http://doi.acm.org/10.1145/2187836.2187844},
 doi = {10.1145/2187836.2187844},
 acmid = {2187844},
 OPTpublisher = {ACM},
 OPTaddress = {New York, NY, USA},
 keywords = {3G networks, RRC state machine, periodic transfers, periodicity detection, radio resource optimization, smartphone applications},
} 

@inproceedings{hornyack:appfence,
 author = {Hornyack, Peter and Han, Seungyeop and Jung, Jaeyeon and Schechter, Stuart and Wetherall, David},
 title = {These aren't the droids you're looking for: retrofitting android to protect data from imperious applications},
 booktitle = ccs,
 OPTseries = {CCS '11},
 year = {2011},
 isbn = {978-1-4503-0948-6},
 OPTlocation = {Chicago, Illinois, USA},
 OPTpages = {639--652},
 numOPTpages = {14},
 url = {http://doi.acm.org/10.1145/2046707.2046780},
 doi = {10.1145/2046707.2046780},
 acmid = {2046780},
 OPTpublisher = {ACM},
 OPTaddress = {New York, NY, USA},
 keywords = {android, privacy, smartphone},
} 

@inproceedings{enck:taintdroid,
 author = {Enck, William and Gilbert, Peter and Chun, Byung-Gon and Cox, Landon P. and Jung, Jaeyeon and McDaniel, Patrick and Sheth, Anmol N.},
 title = {TaintDroid: an information-flow tracking system for realtime privacy monitoring on smartphones},
 booktitle = osdi,
 OPTseries = {OSDI'10},
 year = {2010},
 OPTlocation = {Vancouver, BC, Canada},
 OPTpages = {1--6},
 numOPTpages = {6},
 url = {http://dl.acm.org/citation.cfm?id=1924943.1924971},
 acmid = {1924971},
 OPTpublisher = {USENIX Association},
 OPTaddress = {Berkeley, CA, USA},
} 

@InProceedings{sherry:middleboxes,
  author = 	 {Justine Sherry and Shaddi Hasan and Colin Scott and Arvind Krishnamurthy and Sylvia Ratnasamy and Vyas Sekar},
  title = 	 {Making Middleboxes Someone Else's Problem: Network Processing as a Cloud Services},
  booktitle =    sigcomm,
  year = 	 {2012},
  OPTkey = 	 {},
  OPTtype = 	 {},
  OPTnumber = 	 {},
  OPTOPTaddress = 	 {Helsinki, Fi},
  OPTmonth = 	 {Aug.},
  OPTnote = 	 {},
  OPTannote = 	 {}
}


@InProceedings{choffnes:ono,
  author = 	 {David R. Choffnes and Fabi\'an E. Bustamante},
  title = 	 {Taming the Torrent: A Practical Approach to Reducing Cross-{ISP} traffic in peer-to-peer systems},
  booktitle =    sigcomm,
  year = 	 {2008},
  OPTkey = 	 {},
  OPTtype = 	 {},
  OPTnumber = 	 {},
  OPTOPTaddress = 	 {Seattle, WA},
  OPTmonth = 	 {Aug.},
  OPTnote = 	 {},
  OPTannote = 	 {}
}

@inproceedings{eprof,
 author = {Pathak, Abhinav and Hu, Y. Charlie and Zhang, Ming},
 title = {Where is the energy spent inside my app?: fine grained energy accounting on smartphones with Eprof},
 booktitle = eurosys,
 OPTseries = {EuroSys '12},
 year = {2012},
 isbn = {978-1-4503-1223-3},
 OPTlocation = {Bern, Switzerland},
 OPTOPTpages = {29--42},
 numOPTpages = {14},
 url = {http://doi.acm.org/10.1145/2168836.2168841},
 doi = {10.1145/2168836.2168841},
 acmid = {2168841},
 OPTpublisher = {ACM},
 OPTaddress = {New York, NY, USA},
 keywords = {Eprof, energy, mobile, smartphones},
} 

@inproceedings{wendell:donar,
 author = {Wendell, Patrick and Jiang, Joe Wenjie and Freedman, Michael J. and Rexford, Jennifer},
 title = {DONAR: decentralized server selection for cloud services},
 booktitle = sigcomm,
 OPTseries = {SIGCOMM '10},
 year = {2010},
 isbn = {978-1-4503-0201-2},
 OPTlocation = {New Delhi, India},
 OPTpages = {231--242},
 numOPTpages = {12},
 url = {http://doi.acm.org/10.1145/1851182.1851211},
 doi = {10.1145/1851182.1851211},
 acmid = {1851211},
 OPTpublisher = {ACM},
 OPTaddress = {New York, NY, USA},
 keywords = {DNS, distributed optimization, geo-locality, load balancing, replica selection},
} 

@inproceedings{gerber:passivespeed,
 author = {Gerber, Alexandre and Pang, Jeffrey and Spatscheck, Oliver and Venkataraman, Shobha},
 title = {Speed testing without speed tests: estimating achievable download speed from passive measurements},
 booktitle = imc,
 OPTseries = {IMC '10},
 year = {2010},
 isbn = {978-1-4503-0483-2},
 OPTlocation = {Melbourne, Australia},
 OPTpages = {424--430},
 numOPTpages = {7},
 url = {http://doi.acm.org/10.1145/1879141.1879196},
 doi = {10.1145/1879141.1879196},
 acmid = {1879196},
 OPTpublisher = {ACM},
 OPTaddress = {New York, NY, USA},
 keywords = {3G, UMTS, measurement, passive, throughput, wireless},
} 


@inproceedings{chun:clonecloud,
 author = {Chun, Byung-Gon and Ihm, Sunghwan and Maniatis, Petros and Naik, Mayur and Patti, Ashwin},
 title = {CloneCloud: elastic execution between mobile device and cloud},
 booktitle =  eurosys,
 OPTseries = {EuroSys '11},
 year = {2011},
 isbn = {978-1-4503-0634-8},
 OPTlocation = {Salzburg, Austria},
 OPTpages = {301--314},
 numOPTpages = {14},
 url = {http://doi.acm.org/10.1145/1966445.1966473},
 doi = {10.1145/1966445.1966473},
 acmid = {1966473},
 OPTpublisher = {ACM},
 OPTaddress = {New York, NY, USA},
 keywords = {migration, mobile cloud computing, offloading, partitioning, smartphones},
} 

@inproceedings{cuervo:maui,
 author = {Cuervo, Eduardo and Balasubramanian, Aruna and Cho, Dae-ki and Wolman, Alec and Saroiu, Stefan and Chandra, Ranveer and Bahl, Paramvir},
 title = {MAUI: making smartphones last longer with code offload},
 booktitle = mobisys,
 OPTseries = {MobiSys '10},
 year = {2010},
 isbn = {978-1-60558-985-5},
 OPTlocation = {San Francisco, California, USA},
 OPTpages = {49--62},
 numOPTpages = {14},
 url = {http://doi.acm.org/10.1145/1814433.1814441},
 doi = {10.1145/1814433.1814441},
 acmid = {1814441},
 OPTpublisher = {ACM},
 OPTaddress = {New York, NY, USA},
 keywords = {code offload, energy management, partitioning, smartphones},
}

@inproceedings{guha:privad,
 author = {Guha, Saikat and Cheng, Bin and Francis, Paul},
 title = {Privad: practical privacy in online advertising},
 booktitle = nsdi,
 series = {NSDI'11},
 year = {2011},
 location = {Boston, MA},
 pages = {13--13},
 numpages = {1},
 url = {http://dl.acm.org/citation.cfm?id=1972457.1972475},
 acmid = {1972475},
 publisher = {USENIX Association},
 address = {Berkeley, CA, USA},
} 

@misc{rfc:ipsec,
  title={Security architecture for the internet protocol},
  author={Kent, S. and Seo, K.},
  year={2008},
  publisher={RFC 4301}
}

@Misc{samknows:ofcom,
  key =	 {SamKnows},
  OPTauthor =	 {SamKnows},
  title =	 {SamKnows \& {Ofcom} {UK} broadband performance
                  testing},
  howpublished =
                  {\url{www.samknows.com/broadband/ofcom_and_samknows}},
  month =	 {June},
  year =	 {2009},
  OPTnote =	 {},
  OPTannote =	 {}
}

@inproceedings{Leontiadis:2012:AdsMobile,
author = {Leontiadis, Ilias and Efstratiou, Christos and Picone, Marco and Mascolo, Cecilia},
booktitle = {Hotmobile 2012 13th ACM Sigmobile Workshop on Mobile Computing Systems and Applications},
doi = {10.1145/2162081.2162084},
isbn = {9781450312073},
pages = {2:1--2:6},
publisher = {ACM},
series = {HotMobile '12},
title = {{Don't kill my ads! Balancing Privacy in an Ad-Supported Mobile Application Market}},
url = {http://www.cl.cam.ac.uk/~il235/HotMobile12\_Leontiadis.pdf},
year = {2012}
}


@article{Vallina-rodriguez:2012:AdCache,
author = {Vallina-rodriguez, Narseo and Shah, Jay and Finamore, Alessandro and Grunenberger, Yan and Haddadi, Hamed and Papagiannaki, Konstantina and Crowcroft, Jon},
isbn = {9781450317054},
journal = imc, 
keywords = {4,8,advertisement,caching,categories and subject descriptors,cellular,d,energy,measurements,performance,smartphones,traffic},
title = {{Breaking for Commercials : Characterizing Mobile Advertising}},
year = {2012}
}

@inproceedings{Joseph:2006:OCALA,
author = {Joseph, Dilip and Kannan, J and Kubota, A},
booktitle = nsdi,
keywords = {Meddle},
title = {{OCALA: An architecture for supporting legacy applications over overlays}},
year = {2005}
}

@misc{collusion,
        Key = {Mozilla Collusion},
	Note = {\url{www.mozilla.org/en-US/collusion/}},
	Title = {Mozilla Collusion}
     }

@Misc{YoyoAds,
  Title = {Ad blocking with ad server hostnames and IP addresses},
  Note= {\url{http://pgl.yoyo.org/adservers/}},
}

@Misc{Openvswitch,
  Title = {Open vSwitch: An Open virtual switch},  
  Note = {\url{http://openvswitch.org/}}
 }

 @article{Sekar:2012:ConsolidatedMBox,
author = {Sekar, Vyas and Egi, Norbert and Ratnasamy, Sylvia and Reiter, M},
journal = nsdi,
title = {{Design and Implementation of a Consolidated Middlebox Architecture}},
year = {2012}
}
