% This BibTeX bibliography file was created using BibDesk.
%% http://bibdesk.sourceforge.net/


%% Created for choffnes at 2013-05-08 12:35:47 -0700 


%% Saved with string encoding Unicode (UTF-8) 


@string{ccs = {Proc. of CCS}}

@string{conext = {Proc. of ACM CoNEXT}}

@string{eurosys = {Proc. of Eurosys}}

@string{hotmobile = {Proc. of Hotmobile}}

@string{hotnets = {Proc. of HotNets}}

@string{hotnets-l = {Proc. of the Workshop on Hot Topics in Networks (HotNets)}}

@string{hotos = {Proc. of HotOS}}

@string{hotos-l = {Proc. of the Workshop on Hot Topics in Operating Systems}}

@string{hpdc = {Proc. of the IEEE Internatinal Symposium on High Performance Distributed Computing}}

@string{icdcs = {Proc. of the ICDCS}}

@string{icdcs-l = {Proc. of the Int'l Conference on Distributed Computing Systems (ICDCS)}}

@string{icnp = {Proc. of the IEEE ICNP}}

@string{icnp-l = {Proc. of the IEEE International Conference on Network Protocols (ICNP)}}

@string{imc = {Proc. of IMC}}

@string{imc-l = {Proc. of the Internet Measurement Conference (IMC)}}

@string{imw = {Proc. ACM IMW}}

@string{imw-l = {Proc. ACM Internet Measurement Workshop (IMW)}}

@string{infocom = {Proc. of IEEE INFOCOM}}

@string{iptps = {Proc. of IPTPS}}

@string{iptps-l = {Proc. of the International Workshop on Peer-to-Peer Systems (IPTPS)}}

@string{jsac = {IEEE Journal on Selected Areas in Communication}}

@string{mascots = {Proc. of IEEE/ACM MASCOTS}}

@string{mascots-l = {Proc. of the IEEE/ACM International Symposium on Modeling, Analysis, and Simulation of Computer and Telecommunication Systems (MASCOTS)}}

@string{mobisys = {Proc. of MobiSys}}

@string{ndss = {Proc. of the NDSS Symposium}}

@string{ndss-l = {Proceedings of the Network and Distributed System Security Symposium}}

@string{nsdi = {Proc. of USENIX NSDI}}

@string{nsdi-l = {Proc. of the USENIX Symposium on Networked System Design and Implementation (NSDI)}}

@string{osdi = {Proc. of USENIX OSDI}}

@string{osdi-l = {Proc. of the USENIX Operating Systems Design and Implementation (OSDI)}}

@string{pam = {Proc. PAM}}

@string{pam-l = {Proc. of Passive and Active Measurement Workshop (PAM)}}

@string{podc = {Proc. of the Symposium on Principles of Distributed Computing (PODC)}}

@string{rusits-l = {Proc. of USENIX Symposium on Internet Technologies and Systems}}

@string{sc = {Proc. of ACM/IEEE conference on Supercomputing}}

@string{sigcomm = {Proc. of ACM SIGCOMM}}

@string{sigcomm-ccr = {ACM SIGCOMM Computer Communication Review}}

@string{sigcomm-l = {Proc. of the Conference on Applications, Technologies, Architectures, and Protocols for Computer Communication (SIGCOMM)}}

@string{sosp = {Proc. of the ACM SOSP}}

@string{sosp-l = {Proc. of the ACM Symposium on Operating System Principles}}

@string{tc = {IEEE Transactions on Computers}}

@string{tocs = {ACM Transactions on Computer Systems}}

@string{ton = {IEEE/ACM Transactions on Networking}}

@string{toplas = {ACM Transactions on Programming Languages and Systems}}

@string{tpds = {IEEE Transaction on Parallel and Distributed Systems}}

@string{tse = {IEEE Transactions on Software Engineering}}

@string{usenix-atc = {Proc. of USENIX ATC}}

@string{usenix-atc-l = {Proc. of the USENIX Annual Technical Conference}}

@string{usits = {Proc. of USENIX USITS}}

@string{wcw = {Proc. of WCW}}

@string{wcw-l = {Proc. of the Workshop on {W}eb Content Caching and Distribution (WCW)}}

@string{worlds = {Proc. of WORLDS}}

@string{worlds-l = {Proc. of the Workshop on Real, Large Distributed Systems (WORLDS)}}

@string{www = {Proc. of WWW}}


@article{cite-key,
	Date-Added = {2013-05-07 20:43:58 +0000},
	Date-Modified = {2013-05-07 20:43:58 +0000}}

@misc{att-data-growth,
	Date-Added = {2012-03-20 22:21:12 -0700},
	Date-Modified = {2012-03-20 22:21:12 -0700},
	Key = {att-data},
	Note = {\url{www.att.com/esupport/datausage.jsp}},
	Title = {Data Usage Information and {FAQ}s}}

@misc{virgin-issues,
	Date-Added = {2012-03-20 22:21:12 -0700},
	Date-Modified = {2012-03-20 22:21:12 -0700},
	Key = {virgin mobile},
	Note = {\url{www.dslreports.com/shownews/Virgin-Mobiles-New-40-Prepaid-Data-Plan-Has-Huge-Issues-110190}},
	Title = {Virgin Mobile's New \$40 Prepaid Data Plan Has Huge Issues}}

@misc{verizon-lte-outage,
	Date-Added = {2012-03-20 22:21:12 -0700},
	Date-Modified = {2012-03-20 22:21:12 -0700},
	Key = {verizon wireless},
	Note = {\url{www.gottabemobile.com/2011/12/21/verizon-wireless-4g-lte-data-outage-now-nationwide/}},
	Title = {Verizon Wireless 4G LTE Data Outage Now Nationwide}}

@misc{wsj:apps-watching-you,
	Author = {S. Thurm and Y. I. Kane},
	Note = {\url{online.wsj.com/article/ SB10001424052 748704694004576020083703574602. html}},
	Title = {Your apps are watching you. Accessed July 19, 2012}}

@unpublished{akamai:cdn,
	Author = {Akamai},
	Note = {\url{www.akamai.com}},
	Title = {Akamai {CDN}}}

@inproceedings{pathak:eprof,
	Author = {Abhinav Pathak and Y. Charlie Hu and Ming Zhang},
	Booktitle = eurosys,
	Title = {Where is the energy spent inside my app? Fine Grained Energy Accounting on Smartphones with Eprof},
	Year = 2012}

@misc{gartner-phone-share,
	Key = {Gartner},
	Note = {\url{www.gartner.com/it/page.jsp?id=2017015}},
	Title = {Gartner Smart Phone Marketshare 2012 {Q1}}}

@misc{google-spdy,
	Key = {SPDY},
	Note = {\url{www.chromium.org/spdy/spdy-whitepaper}},
	Title = {{SPDY}: An experimental protocol for a faster web}}

@misc{silk,
	Key = {Silk},
	Note = {\url{www.amazon.com/gp/help/customer/display.html?nodeId=200775440}},
	Title = {Amazon Silk Browser}}

@misc{opera-mini,
	Key = {OperaMini},
	Note = {\url{www.opera.com/mobile/features/}},
	Title = {Opera Mini Browser.}}

@misc{pcworld-speedtests,
	Key = {3G},
	Note = {\url{www.pcworld.com/article/254888/3g4g_performance_map_data_speeds_for_atandt_sprint_tmobile_and_verizon.html}},
	Title = {{3G/4G} Performance Map: Data Speeds for {AT\&T}, {Sprint}, {T-Mobile}, and {Verizon}}}

@misc{speedtest,
	Key = {Speedtest.net},
	Note = {\url{www.speedtest.net/mobile.php/}},
	Title = {Speedtest.net Mobile}}

@misc{collusion,
	Key = {Mozilla Collusion},
	Note = {\url{www.mozilla.org/en-US/collusion/}},
	Title = {Mozilla Collusion}}

@misc{strongswan,
	Key = {Strongswan},
	Note = {\url{www.strongswan.org}},
	Title = {Strongswan}}

@inproceedings{xu:acculoc,
	Author = {Qiang Xu and Alexandre Gerber and Zhuoqing Morley Mao and Jeffrey Pang},
	Booktitle = mobisys,
	Optacmid = {2000013},
	Optdoi = {10.1145/1999995.2000013},
	Optisbn = {978-1-4503-0643-0},
	Optkeywords = {cellular network architecture, localization, performance anomaly detection},
	Optnumoptpages = {14},
	Optoptaddress = {New York, NY, USA},
	Optoptlocation = {Bethesda, Maryland, USA},
	Optoptpages = {183--196},
	Optoptpublisher = {ACM},
	Optoptseries = {MobiSys '11},
	Opturl = {http://doi.acm.org/10.1145/1999995.2000013},
	Title = {AccuLoc: practical localization of performance measurements in 3G networks},
	Year = {2011}}

@inproceedings{nakao:underlay,
	Author = {Akihiro Nakao and Larry Peterson and Andy Bavier},
	Booktitle = sigcomm,
	Optacmid = {863958},
	Optdoi = {10.1145/863955.863958},
	Optisbn = {1-58113-735-4},
	Optkeywords = {infrastructure, overlay networks, routing},
	Optnumoptpages = {8},
	Optoptaddress = {New York, NY, USA},
	Optoptlocation = {Karlsruhe, Germany},
	Optoptpages = {11--18},
	Optoptpublisher = {ACM},
	Optoptseries = {SIGCOMM '03},
	Opturl = {http://doi.acm.org/10.1145/863955.863958},
	Title = {A routing underlay for overlay networks},
	Year = {2003}}

@inproceedings{wang:middleboxes,
	Author = {Zhaoguang Wang and Zhiyun Qian and Qiang Xu and Zhuoqing Mao and Ming Zhang},
	Booktitle = sigcomm,
	Optacmid = {2018479},
	Optdoi = {10.1145/2018436.2018479},
	Optisbn = {978-1-4503-0797-0},
	Optkeywords = {cellular data network, firewall, middlebox, nat, tcp performance},
	Optnumoptpages = {12},
	Optoptaddress = {New York, NY, USA},
	Optoptlocation = {Toronto, Ontario, Canada},
	Optoptpages = {374--385},
	Optoptpublisher = {ACM},
	Optseries = {SIGCOMM '11},
	Opturl = {http://doi.acm.org/10.1145/2018436.2018479},
	Title = {An untold story of middleboxes in cellular networks},
	Year = {2011}}

@inproceedings{qian:rrc,
	Author = {Feng Qian and Zhaoguang Wang and Alex Gerber and Z Morley Mao and Shubo Sen and Oliver Spatscheck},
	Booktitle = imc,
	Optacmid = {1879159},
	Optdoi = {10.1145/1879141.1879159},
	Optisbn = {978-1-4503-0483-2},
	Optkeywords = {3G networks, RRC state machine, UMTS, inactivity timers, multimedia streaming, smartphones, tail effects},
	Optnumoptpages = {14},
	Optoptaddress = {New York, NY, USA},
	Optoptlocation = {Melbourne, Australia},
	Optoptpages = {137--150},
	Optoptpublisher = {ACM},
	Optseries = {IMC '10},
	Opturl = {http://doi.acm.org/10.1145/1879141.1879159},
	Title = {Characterizing radio resource alOPTlocation for {3G} networks},
	Year = {2010}}

@inproceedings{qian:aro,
	Acmid = {2000026},
	Author = {Qian, Feng and Wang, Zhaoguang and Gerber, Alexandre and Mao, Zhuoqing and Sen, Subhabrata and Spatscheck, Oliver},
	Booktitle = mobisys,
	Doi = {10.1145/1999995.2000026},
	Isbn = {978-1-4503-0643-0},
	Keywords = {3G networks, UMTS, crosslayer analysis, radio resource optimization, rrc state machine, smartphone applications},
	Numoptpages = {14},
	Optaddress = {New York, NY, USA},
	Optlocation = {Bethesda, Maryland, USA},
	Optpages = {321--334},
	Optpublisher = {ACM},
	Optseries = {MobiSys '11},
	Title = {Profiling resource usage for mobile applications: a cross-layer approach},
	Url = {http://doi.acm.org/10.1145/1999995.2000026},
	Year = {2011},
	Bdsk-Url-1 = {http://doi.acm.org/10.1145/1999995.2000026},
	Bdsk-Url-2 = {http://dx.doi.org/10.1145/1999995.2000026}}

@inproceedings{qian:periodic,
	Acmid = {2187844},
	Author = {Qian, Feng and Wang, Zhaoguang and Gao, Yudong and Huang, Junxian and Gerber, Alexandre and Mao, Zhuoqing and Sen, Subhabrata and Spatscheck, Oliver},
	Booktitle = www,
	Doi = {10.1145/2187836.2187844},
	Isbn = {978-1-4503-1229-5},
	Keywords = {3G networks, RRC state machine, periodic transfers, periodicity detection, radio resource optimization, smartphone applications},
	Numoptpages = {10},
	Optaddress = {New York, NY, USA},
	Optlocation = {Lyon, France},
	Optpages = {51--60},
	Optpublisher = {ACM},
	Optseries = {WWW '12},
	Title = {Periodic transfers in mobile applications: network-wide origin, impact, and optimization},
	Url = {http://doi.acm.org/10.1145/2187836.2187844},
	Year = {2012},
	Bdsk-Url-1 = {http://doi.acm.org/10.1145/2187836.2187844},
	Bdsk-Url-2 = {http://dx.doi.org/10.1145/2187836.2187844}}

@inproceedings{hornyack:appfence,
	Acmid = {2046780},
	Author = {Hornyack, Peter and Han, Seungyeop and Jung, Jaeyeon and Schechter, Stuart and Wetherall, David},
	Booktitle = ccs,
	Doi = {10.1145/2046707.2046780},
	Isbn = {978-1-4503-0948-6},
	Keywords = {android, privacy, smartphone},
	Numoptpages = {14},
	Optaddress = {New York, NY, USA},
	Optlocation = {Chicago, Illinois, USA},
	Optpages = {639--652},
	Optpublisher = {ACM},
	Optseries = {CCS '11},
	Title = {These aren't the droids you're looking for: retrofitting android to protect data from imperious applications},
	Url = {http://doi.acm.org/10.1145/2046707.2046780},
	Year = {2011},
	Bdsk-Url-1 = {http://doi.acm.org/10.1145/2046707.2046780},
	Bdsk-Url-2 = {http://dx.doi.org/10.1145/2046707.2046780}}

@inproceedings{enck:taintdroid,
	Acmid = {1924971},
	Author = {Enck, William and Gilbert, Peter and Chun, Byung-Gon and Cox, Landon P. and Jung, Jaeyeon and McDaniel, Patrick and Sheth, Anmol N.},
	Booktitle = osdi,
	Numoptpages = {6},
	Optaddress = {Berkeley, CA, USA},
	Optlocation = {Vancouver, BC, Canada},
	Optpages = {1--6},
	Optpublisher = {USENIX Association},
	Optseries = {OSDI'10},
	Title = {TaintDroid: an information-flow tracking system for realtime privacy monitoring on smartphones},
	Url = {http://dl.acm.org/citation.cfm?id=1924943.1924971},
	Year = {2010},
	Bdsk-Url-1 = {http://dl.acm.org/citation.cfm?id=1924943.1924971}}

@inproceedings{sherry:middleboxes,
	Author = {Justine Sherry and Shaddi Hasan and Colin Scott and Arvind Krishnamurthy and Sylvia Ratnasamy and Vyas Sekar},
	Booktitle = sigcomm,
	Optmonth = {Aug.},
	Optoptaddress = {Helsinki, Fi},
	Title = {Making Middleboxes Someone Else's Problem: Network Processing as a Cloud Services},
	Year = {2012}}

@inproceedings{choffnes:ono,
	Author = {David R. Choffnes and Fabi\'an E. Bustamante},
	Booktitle = sigcomm,
	Optmonth = {Aug.},
	Optoptaddress = {Seattle, WA},
	Title = {Taming the Torrent: A Practical Approach to Reducing Cross-{ISP} traffic in peer-to-peer systems},
	Year = {2008}}

@inproceedings{wendell:donar,
	Acmid = {1851211},
	Author = {Wendell, Patrick and Jiang, Joe Wenjie and Freedman, Michael J. and Rexford, Jennifer},
	Booktitle = sigcomm,
	Doi = {10.1145/1851182.1851211},
	Isbn = {978-1-4503-0201-2},
	Keywords = {DNS, distributed optimization, geo-locality, load balancing, replica selection},
	Numoptpages = {12},
	Optaddress = {New York, NY, USA},
	Optlocation = {New Delhi, India},
	Optpages = {231--242},
	Optpublisher = {ACM},
	Optseries = {SIGCOMM '10},
	Title = {DONAR: decentralized server selection for cloud services},
	Url = {http://doi.acm.org/10.1145/1851182.1851211},
	Year = {2010},
	Bdsk-Url-1 = {http://doi.acm.org/10.1145/1851182.1851211},
	Bdsk-Url-2 = {http://dx.doi.org/10.1145/1851182.1851211}}

@inproceedings{gerber:passivespeed,
	Acmid = {1879196},
	Author = {Gerber, Alexandre and Pang, Jeffrey and Spatscheck, Oliver and Venkataraman, Shobha},
	Booktitle = imc,
	Doi = {10.1145/1879141.1879196},
	Isbn = {978-1-4503-0483-2},
	Keywords = {3G, UMTS, measurement, passive, throughput, wireless},
	Numoptpages = {7},
	Optaddress = {New York, NY, USA},
	Optlocation = {Melbourne, Australia},
	Optpages = {424--430},
	Optpublisher = {ACM},
	Optseries = {IMC '10},
	Title = {Speed testing without speed tests: estimating achievable download speed from passive measurements},
	Url = {http://doi.acm.org/10.1145/1879141.1879196},
	Year = {2010},
	Bdsk-Url-1 = {http://doi.acm.org/10.1145/1879141.1879196},
	Bdsk-Url-2 = {http://dx.doi.org/10.1145/1879141.1879196}}

@inproceedings{chun:clonecloud,
	Acmid = {1966473},
	Author = {Chun, Byung-Gon and Ihm, Sunghwan and Maniatis, Petros and Naik, Mayur and Patti, Ashwin},
	Booktitle = eurosys,
	Doi = {10.1145/1966445.1966473},
	Isbn = {978-1-4503-0634-8},
	Keywords = {migration, mobile cloud computing, offloading, partitioning, smartphones},
	Numoptpages = {14},
	Optaddress = {New York, NY, USA},
	Optlocation = {Salzburg, Austria},
	Optpages = {301--314},
	Optpublisher = {ACM},
	Optseries = {EuroSys '11},
	Title = {CloneCloud: elastic execution between mobile device and cloud},
	Url = {http://doi.acm.org/10.1145/1966445.1966473},
	Year = {2011},
	Bdsk-Url-1 = {http://doi.acm.org/10.1145/1966445.1966473},
	Bdsk-Url-2 = {http://dx.doi.org/10.1145/1966445.1966473}}

@inproceedings{cuervo:maui,
	Acmid = {1814441},
	Author = {Cuervo, Eduardo and Balasubramanian, Aruna and Cho, Dae-ki and Wolman, Alec and Saroiu, Stefan and Chandra, Ranveer and Bahl, Paramvir},
	Booktitle = mobisys,
	Doi = {10.1145/1814433.1814441},
	Isbn = {978-1-60558-985-5},
	Keywords = {code offload, energy management, partitioning, smartphones},
	Numoptpages = {14},
	Optaddress = {New York, NY, USA},
	Optlocation = {San Francisco, California, USA},
	Optpages = {49--62},
	Optpublisher = {ACM},
	Optseries = {MobiSys '10},
	Title = {MAUI: making smartphones last longer with code offload},
	Url = {http://doi.acm.org/10.1145/1814433.1814441},
	Year = {2010},
	Bdsk-Url-1 = {http://doi.acm.org/10.1145/1814433.1814441},
	Bdsk-Url-2 = {http://dx.doi.org/10.1145/1814433.1814441}}

@inproceedings{guha:privad,
	Author = {Guha, Saikat and Cheng, Bin and Francis, Paul},
	Booktitle = nsdi,
	Title = {Privad: practical privacy in online advertising},
	Year = {2011}}

@misc{rfc:ipsec,
	Author = {Kent, S. and Seo, K.},
	Title = {RFC 4301: Security architecture for the internet protocol},
	Year = {2008}}

@misc{rfc:http,
	Title={RFC 2616: Hypertext Transfer Protocol--HTTP/1.1},
	Author={Fielding, R and Gettys, J and Mogul, J and Frystyk, H and Masinter, L and Leach, P and Berners-Lee, T},
	year={1999}}
	
@misc{rfc:ikev1,
	Author = {Hoffman, P.},
	Title = {RFC 4109: Algorithms for internet key exchange version 1 (IKEv1)},
	Year = {2005}}

@misc{rfc:ikev2,
	Author = {Kaufman, C. and Hoffman, P. and Nir, Y. and Eronen, P.},
	Title = {RFC 5996: Internet Key Exchange Protocol Version 2 (IKEv2)},
	Year = {2010}}
	
	
@misc{samknows:ofcom,
	Howpublished = {\url{www.samknows.com/broadband/ofcom_and_samknows}},
	Key = {SamKnows},
	Month = {June},
	Optauthor = {SamKnows},
	Title = {SamKnows \& {Ofcom} {UK} broadband performance testing},
	Year = {2009}}

@misc{strongswanclient,
	Howpublished = {\url{http://play.google.com/store/apps/details?id=org.strongswan.android}},
	Key = {StrongSwan VPN Client},
	Optauthor = {SamKnows},
	Title = {strongSwan {VPN} Client}}

@misc{vyatta,
	Howpublished = {\url{www.vyatta.com}},
	Key = {Vyatta},
	Title = {Vyatta}}
	
@misc{gcm,
	Title= {{GCM Architectural Overview}},
	Howpublished={\url{http://developer.android.com/google/gcm/gcm.html}}}

@misc{apns,
	Title={{Local and Push Notification Programming Guide}},
	Howpublished={\url{http://developer.apple.com/library/mac/documentation/NetworkingInternet/Conceptual/RemoteNotificationsPG/Introduction.html}}}
	

@inproceedings{leontiadis:mobileads,
	Author = {Leontiadis, Ilias and Efstratiou, Christos and Picone, Marco and Mascolo, Cecilia},
	Booktitle = hotmobile,
	Doi = {10.1145/2162081.2162084},
	Isbn = {9781450312073},
	Publisher = {ACM},
	Title = {{Don't kill my ads! Balancing Privacy in an Ad-Supported Mobile Application Market}},
	Url = {http://www.cl.cam.ac.uk/~il235/HotMobile12\_Leontiadis.pdf},
	Year = {2012},
	Bdsk-Url-1 = {http://www.cl.cam.ac.uk/~il235/HotMobile12%5C_Leontiadis.pdf},
	Bdsk-Url-2 = {http://dx.doi.org/10.1145/2162081.2162084}}

@inproceedings{joseph:ocala,
	Author = {Joseph, Dilip and Kannan, J and Kubota, A},
	Booktitle = nsdi,
	Keywords = {Meddle},
	Title = {{OCALA: An architecture for supporting legacy applications over overlays}},
	Year = {2005}}

@misc{YoyoAds,
	Note = {\url{http://pgl.yoyo.org/adservers/}},
	Title = {Ad blocking with ad server hostnames and IP addresses}}

@misc{Openvswitch,
	Note = {\url{http://openvswitch.org/}},
	Title = {Open vSwitch: An Open virtual switch}}

@misc{OnDemandAndroid,
	Note = {\url{http://code.google.com/p/android/issues/detail?id=25843}},
	Title = {VPN On-demand support on Android}}

@article{sekar:conmbox,
	Author = {Sekar, Vyas and Egi, Norbert and Ratnasamy, Sylvia and Reiter, M},
	Journal = nsdi,
	Title = {{Design and Implementation of a Consolidated Middlebox Architecture}},
	Year = {2012}}

@inproceedings{reis:tripwires,
	Author = {Charles Reis and Steven D. Gribble and Tadayoshi Kohno and Nicholas C. Weaver},
	Booktitle = nsdi,
	Optbibsource = {DBLP, http://dblp.uni-trier.de},
	Optcrossref = {DBLP:conf/nsdi/2008},
	Optee = {http://www.usenix.org/events/nsdi08/tech/full_papers/reis/reis.pdf},
	Optpages = {31-44},
	Title = {Detecting In-Flight Page Changes with Web Tripwires},
	Year = {2008}}

@inproceedings{sekar:middleboxes,
	Author = {Vyas Sekar and Norbert Egi and Sylvia Ratnasamy and Michael K. Reiter and Guangyu Shi},
	Booktitle = nsdi,
	Title = {Design and Implementation of a Consolidated Middlebox Architecture},
	Year = {2012}}

@inproceedings{vallina-rod:ads,
	Author = {Narseo Vallina-Rodriguez and Jay Shah and Alessandro Finamore and Hamed Haddadi and Yan Grunenberger and Konstantina Papagiannaki and Jon Crowcroft},
	Booktitle = imc,
	Title = {Breaking for Commercials: Characterizing Mobile Advertising},
	Year = {2012}}

@inproceedings{chen:wifi,
	Author = {Xian Chen and Ruofan Jin and Kyoungwon Suh and Bing Wang and Wei Wei},
	Booktitle = imc,
	Title = {Network Performance of Smart Mobile Handhelds in a University Campus WiFi Network},
	Year = {2012}}

@inproceedings{sommers:cellwifi,
	Author = {Joel Sommers and Paul Barford},
	Booktitle = imc,
	Title = {Cell vs. WiFi: On the Performance of Metro Area Mobile Connections},
	Year = {2012}}

@inproceedings{vr:3gol,
	Author = {Narseo Vallina-Rodriguez and Vijay Erramilli and Yan Grunenberger and Laszlo Gyarmati and Nikolaos Laoutaris and Rade Stanojevic and Konstantina Papagiannaki},
	Booktitle = hotnets,
	Title = {When David helps Goliath: The Case for 3G OnLoading},
	Year = {2012}}

@inproceedings{ra:p3,
	Author = {Moo-Ryong Ra and Ramesh Govindan and Antonio Ortega},
	Booktitle = nsdi,
	Title = {P3: Privacy-Preserving Photo Sharing},
	Year = {2013}}

@article{ravindranath:appinsight,
	Author = {Ravindranath, Lenin and Padhye, Jitendra},
	Journal = osdi,
	Title = {{AppInsight: Mobile App Performance Monitoring in the Wild}},
	Url = {https://www.usenix.org/system/files/conference/osdi12/osdi12-final-91.pdf},
	Year = {2012},
	Bdsk-Url-1 = {https://www.usenix.org/system/files/conference/osdi12/osdi12-final-91.pdf}}

@article{egele:pios,
	Author = {Egele, Manuel and Kruegel, Christopher},
	Journal = ndss,
	Title = {{PiOS: Detecting privacy leaks in iOS applications}},
	Url = {https://www.seclab.tuwien.ac.at/papers/egele-ndss11.pdf},
	Year = {2011},
	Bdsk-Url-1 = {https://www.seclab.tuwien.ac.at/papers/egele-ndss11.pdf}}

@inproceedings{bohmer:2011:appsensor,
	Address = {New York, New York, USA},
	Booktitle = {Proceedings of the 13th International Conference on Human Computer Interaction with Mobile Devices and Services - MobileHCI '11},
	Month = aug,
	Pages = {47},
	Publisher = {ACM Press},
	Title = {{Falling asleep with Angry Birds, Facebook and Kindle}},
	Url = {http://dl.acm.org/citation.cfm?id=2037373.2037383},
	Year = {2011},
	Bdsk-Url-1 = {http://dl.acm.org/citation.cfm?id=2037373.2037383}}

@article{maier:mobtraffic,
	Author = {Maier, Gregor and Schneider, Fabian and Feldmann, Anja},
	Journal = pam,
	Title = {{A First Look at Mobile Hand-held Device Traffic}},
	Year = {2010}}

@article{chen:wifiuniv,
	Author = {Chen, Xian and Jin, Ruofan and Wang, Bing and Wei, Wei},
	Journal = imc,
	Pages = {315--328},
	Title = {{Network Performance of Smart Mobile Handhelds in a University Campus WiFi Network}},
	Year = {2012}}

@inproceedings{thiagarajan:mobbat,
	Author = {Thiagarajan, Narendran and Aggarwal, Gaurav and Nicoara, Angela and Boneh, Dan and Singh, Jatinder Pal},
	Booktitle = www,
	Isbn = {9781450312295},
	Pages = {41--50},
	Title = {{Who Killed My Battery: Analyzing Mobile Browser Energy Consumption}},
	Url = {http://dl.acm.org/citation.cfm?id=2187843},
	Year = {2012},
	Bdsk-Url-1 = {http://dl.acm.org/citation.cfm?id=2187843}}

@article{shekhar:adsplit,
	Author = {Shekhar, Shashi and Dietz, Michael and Wallach, Dan S},
	Journal = {USENIX Security '12},
	Title = {{AdSplit : Separating smartphone advertising from applications}},
	Year = {2012}}

@inproceedings{balasubramanian:encon,
	Address = {New York, New York, USA},
	Author = {Balasubramanian, Niranjan and Balasubramanian, Aruna and Venkataramani, Arun},
	Booktitle = imc,
	Doi = {10.1145/1644893.1644927},
	Isbn = {9781605587714},
	Month = nov,
	Pages = {280},
	Publisher = {ACM Press},
	Title = {{Energy consumption in mobile phones}},
	Url = {http://dl.acm.org/citation.cfm?id=1644893.1644927},
	Year = {2009},
	Bdsk-Url-1 = {http://dl.acm.org/citation.cfm?id=1644893.1644927},
	Bdsk-Url-2 = {http://dx.doi.org/10.1145/1644893.1644927}}

@article{falaki:mobileusage,
	Address = {New York, New York, USA},
	Author = {Falaki, Hossein and Lymberopoulos, Dimitrios and Mahajan, Ratul and Kandula, Srikanth and Estrin, Deborah},
	Doi = {10.1145/1879141.1879176},
	Isbn = {9781450304832},
	Journal = imc,
	Pages = {281},
	Publisher = {ACM Press},
	Title = {{A First Look at Traffic on Smartphones}},
	Url = {http://portal.acm.org/citation.cfm?doid=1879141.1879176},
	Year = {2010},
	Bdsk-Url-1 = {http://portal.acm.org/citation.cfm?doid=1879141.1879176},
	Bdsk-Url-2 = {http://dx.doi.org/10.1145/1879141.1879176}}

@misc{httparchive,
	Note = {\url{http://httparchive.org}},
	Title = {{HTTP Archive}}}

@inproceedings{xu:appusage,
	address = {New York, New York, USA},
	author = {Xu, Qiang and Erman, Jeffrey and Gerber, Alexandre and Mao, Zhuoqing and Pang, Jeffrey and Venkataraman, Shobha},
	booktitle = imc,
	doi = {10.1145/2068816.2068847},
	isbn = {9781450310130},
	keywords = {app usage behavior,smartphone apps},
	month = nov,
	pages = {329},
	publisher = {ACM Press},
	title = {{Identifying diverse usage behaviors of smartphone apps}},
	url = {http://dl.acm.org/citation.cfm?id=2068816.2068847},
	year = {2011}}


@inproceedings{qian:webcache,
	address = {New York, New York, USA},
	author = {Qian, Feng and Quah, Kee Shen and Huang, Junxian and Erman, Jeffrey and Gerber, Alexandre and Mao, Zhuoqing and Sen, Subhabrata and Spatscheck, Oliver},
	booktitle = {Proceedings of the 10th international conference on Mobile systems, applications, and services - MobiSys '12},
	month = jun,
	pages = {127--140},
	publisher = {ACM Press},
	title = {{Web caching on smartphones}},
	url = {http://dl.acm.org/citation.cfm?id=2307636.2307649},
	year = {2012}}


@article{bro,
	author  = {Vern Paxson},
	title   = {{Bro: a System for Detecting Network Intruders in Real-Time}},
	journal = {Computer Networks},
	volume  = {31},
	number  = {23-24},
	pages   = {2435--2463},
	year    = {1999},
	url     = {http://www.icir.org/vern/papers/bro-CN99.pdf}
}

@misc{android:stagefright,
	Note = {\url{http://source.android.com/devices/media.html}},
	Title = {{Media | Android Developers}}}

@misc{apple:coremedia,
	Note = {\url{https://developer.apple.com/library/mac/documentation/CoreMedia/Reference/CoreMediaFramework/}},
	Title = {{Core Media Framework Reference}}}

@inproceedings{bermudez:dnhunter,
	author = {Bermudez, Ignacio N. and Mellia, Marco and Munafo, Maurizio M. and Keralapura, Ram and Nucci, Antonio},
	title = {{DNS to the Rescue: Discerning Content and Services in a Tangled Web}},
	booktitle = imc,
	year = {2012},	
	pages = {413--426},
	publisher = {ACM},
	address = {New York, NY, USA}} 
	
	