% This BibTeX bibliography file was created using BibDesk.
%% http://bibdesk.sourceforge.net/


%% Created for choffnes at 2013-05-08 12:35:47 -0700 


%% Saved with string encoding Unicode (UTF-8) 


@string{ccs = {Proc. of CCS}}

@string{conext = {Proc. of ACM CoNEXT}}

@string{eurosys = {Proc. of Eurosys}}

@string{hotmobile = {Proc. of Hotmobile}}

@string{hotnets = {Proc. of HotNets}}

@string{hotnets-l = {Proc. of the Workshop on Hot Topics in Networks (HotNets)}}

@string{hotos = {Proc. of HotOS}}

@string{hotos-l = {Proc. of the Workshop on Hot Topics in Operating Systems}}

@string{hpdc = {Proc. of the IEEE Internatinal Symposium on High Performance Distributed Computing}}

@string{icdcs = {Proc. of the ICDCS}}

@string{icdcs-l = {Proc. of the Int'l Conference on Distributed Computing Systems (ICDCS)}}

@string{icnp = {Proc. of the IEEE ICNP}}

@string{icnp-l = {Proc. of the IEEE International Conference on Network Protocols (ICNP)}}

@string{imc = {Proc. of IMC}}

@string{imc-l = {Proc. of the Internet Measurement Conference (IMC)}}

@string{imw = {Proc. ACM IMW}}

@string{imw-l = {Proc. ACM Internet Measurement Workshop (IMW)}}

@string{infocom = {Proc. of IEEE INFOCOM}}

@string{iptps = {Proc. of IPTPS}}

@string{iptps-l = {Proc. of the International Workshop on Peer-to-Peer Systems (IPTPS)}}

@string{jsac = {IEEE Journal on Selected Areas in Communication}}

@string{mascots = {Proc. of IEEE/ACM MASCOTS}}

@string{mascots-l = {Proc. of the IEEE/ACM International Symposium on Modeling, Analysis, and Simulation of Computer and Telecommunication Systems (MASCOTS)}}

@string{mobisys = {Proc. of MobiSys}}

@string{mobisys-l = {Proceedings of the International conference on Mobile systems, applications, and services (Mobisys)}}

@string{ndss = {Proc. of the NDSS Symposium}}

@string{ndss-l = {Proceedings of the Network and Distributed System Security Symposium}}

@string{nsdi = {Proc. of USENIX NSDI}}

@string{nsdi-l = {Proc. of the USENIX Symposium on Networked System Design and Implementation (NSDI)}}

@string{osdi = {Proc. of USENIX OSDI}}

@string{osdi-l = {Proc. of the USENIX Operating Systems Design and Implementation (OSDI)}}

@string{pam = {Proc. PAM}}

@string{pam-l = {Proc. of Passive and Active Measurement Workshop (PAM)}}

@string{podc = {Proc. of the Symposium on Principles of Distributed Computing (PODC)}}

@string{rusits-l = {Proc. of USENIX Symposium on Internet Technologies and Systems}}

@string{sc = {Proc. of ACM/IEEE conference on Supercomputing}}

@string{sigcomm = {Proc. of ACM SIGCOMM}}

@string{sigcomm-ccr = {ACM SIGCOMM Computer Communication Review}}

@string{sigcomm-l = {Proc. of the ACM SIGCOMM Conference}}

@string{sosp = {Proc. of the ACM SOSP}}

@string{sosp-l = {Proc. of the ACM Symposium on Operating System Principles}}

@string{tc = {IEEE Transactions on Computers}}

@string{tocs = {ACM Transactions on Computer Systems}}

@string{ton = {IEEE/ACM Transactions on Networking}}

@string{toplas = {ACM Transactions on Programming Languages and Systems}}

@string{tpds = {IEEE Transaction on Parallel and Distributed Systems}}

@string{tse = {IEEE Transactions on Software Engineering}}

@string{usenix-atc = {Proc. of USENIX ATC}}

@string{usenix-atc-l = {Proc. of the USENIX Annual Technical Conference}}

@string{usenix-sec = {Proc. of USENIX Security Symposium}}

@string{usits = {Proc. of USENIX USITS}}

@string{wcw = {Proc. of WCW}}

@string{wcw-l = {Proc. of the Workshop on {W}eb Content Caching and Distribution (WCW)}}

@string{worlds = {Proc. of WORLDS}}

@string{worlds-l = {Proc. of the Workshop on Real, Large Distributed Systems (WORLDS)}}

@string{www = {Proc. of WWW}}


@inproceedings{vallina-rodriguez:bfc,
 author = {Vallina-Rodriguez, Narseo and Shah, Jay and Finamore, Alessandro and Grunenberger, Yan and Papagiannaki, Konstantina and Haddadi, Hamed and Crowcroft, Jon},
 title = {{Breaking for Commercials: Characterizing Mobile Advertising}},
 booktitle = imc-l,
 year = {2012},
 pages = {343--356},
 doi = {10.1145/2398776.2398812},
} 	


@inproceedings{gerber:passivespeed,
 author = {Gerber, Alexandre and Pang, Jeffrey and Spatscheck, Oliver and Venkataraman, Shobha},
 title = {{Speed Testing without Speed Tests: Estimating Achievable Download Speed from Passive Measurements}},
 booktitle = imc-l,
 year = {2010},
 pages = {424--430},
 doi = {10.1145/1879141.1879196},
}

@inproceedings{chen:wifi,
 author = {Xian Chen and Ruofan Jin and Kyoungwon Suh and Bing Wang and Wei Wei},
 title = {{Network Performance of Smart Mobile Handhelds in a University Campus WiFi Network}}, 
 booktitle = imc-l,
 year = {2012},
 pages = {315--328},
 doi = {10.1145/2398776.2398809},
}  

@inproceedings{enck:taintdroid,
 author = {Enck, William and Gilbert, Peter and Chun, Byung-Gon and Cox, Landon P. and Jung, Jaeyeon and McDaniel, Patrick and Sheth, Anmol N.},
 title = {{TaintDroid: An Information-Flow Tracking System for Realtime Privacy Monitoring on Smartphones}}, 
 booktitle = osdi-l,
 year = {2010},
 pages = {1--6},
 url = {http://dl.acm.org/citation.cfm?id=1924971},
}

@inproceedings{wang:middleboxes,
 author = {Zhaoguang Wang and Zhiyun Qian and Qiang Xu and Zhuoqing Mao and Ming Zhang},
 title = {{An Untold Story of Middleboxes in Cellular Networks}},
 booktitle = sigcomm-l,
 year = {2011},
 pages = {374--385},
 numpages = {12},
 doi = {10.1145/2018436.2018479},
}


@TechReport{ict:facts,
  author = 	 {Brahima Sanou},
  title = 	 {{ICT Facts and Figures}},
  institution =  {International Telecommunications Union},
  year = 	 {2013},
  url = {http://www.itu.int/en/ITU-D/Statistics/Documents/facts/ICTFactsFigures2013.pdf}
}

@inproceedings{egele:pios,
  author    = {Manuel Egele and Christopher Kruegel and Engin Kirda and Giovanni Vigna},
  title     = {{PiOS: Detecting Privacy Leaks in iOS Applications}},
  booktitle = ndss-l,
  year      = {2011},
  url       = {http://www.isoc.org/isoc/conferences/ndss/11/pdf/9_2.pdf}
}

@inproceedings{hornyack:appfence,
 author = {Hornyack, Peter and Han, Seungyeop and Jung, Jaeyeon and Schechter, Stuart and Wetherall, David},
 title = {{``These Aren’t the Droids You’re Looking For'': Retrofitting Android to Protect Data from Imperious Applications}},
 booktitle = ccs,
 year = {2011},
 pages = {639--652},
 doi = {10.1145/2046707.2046780}
} 

@article{ravindranath:appinsight,
 author = {Lenin Ravindranath and Jitu Padhye and Sharad Agarwal and Ratul Mahajan and Ian Obermiller and Shahin Shayandeh},
 journal = osdi-l,
 title = {{AppInsight: Mobile App Performance Monitoring in the Wild}},
 url = {https://www.usenix.org/system/files/conference/osdi12/osdi12-final-91.pdf},
 year = {2012},
}

@inproceedings{yan:droidscope,
  title={{DroidScope: Seamlessly Reconstructing the OS and Dalvik Semantic Views for Dynamic Android Malware Analysis}},
  author={Yan, Lok Kwong and Yin, Heng},
  booktitle=usenix-sec,
  year={2012},
  url={https://www.usenix.org/system/files/conference/usenixsecurity12/sec12-final107.pdf}
}

@inproceedings{xu:appusage,
 author = {Xu, Qiang and Erman, Jeffrey and Gerber, Alexandre and Mao, Zhuoqing and Pang, Jeffrey and Venkataraman, Shobha},
 title = {{Identifying Diverse Usage Behaviors of Smartphone Apps}},
 booktitle = imc-l,
 year = {2011},
 pages = {329--344},
 doi = {10.1145/2068816.2068847}
} 


@inproceedings{falaki:smartphoneusage,
 author = {Falaki, Hossein and Mahajan, Ratul and Kandula, Srikanth and Lymberopoulos, Dimitrios and Govindan, Ramesh and Estrin, Deborah},
 title = {{Diversity in Smartphone Usage}},
 booktitle = mobisys-l,
 year = {2010},
 pages = {179--194},
 doi = {10.1145/1814433.1814453}
}
